% This file was created with JabRef 2.7b.
% Encoding: UTF8

@STRING{ETP = {Entrepreneurship: Theory \& Practice}}

@STRING{FER = {Frontiers of Entrepreneurship Research}}

@STRING{OS = {Organization Science}}

@ARTICLE{article1,
  author = {Adler, P. S. and Goldoftas, B. and Levine, D. I.},
  title = {Flexibility versus efficiency? {A} case study of model changeovers
	in the {T}oyota production system},
  journal = OS,
  year = {1999},
  volume = {10},
  pages = {43--68}
}

@ARTICLE{article2,
  author = {Aghion, Philippe and Tirole, Jean},
  title = {Formal and real authority in organizations},
  journal = {Journal of Political Economy},
  year = {1997},
  volume = {105},
  pages = {1--29},
  number = {1},
  category = {culture}
}

@ARTICLE{article3,
  author = {Ahistrom, D. and Bruton, G. D.},
  title = {An institutional perspective on the role of culture in shaping strategic
	actions by technology-focused entrepreneurial firms in China},
  journal = ETP,
  year = {2003},
  volume = {26},
  pages = {52--69},
  number = {4}
}

@BOOK{gaiart,
  title = {The Art of {\LaTeX}},
  publisher = {Duke University},
  year = {2008},
  author = {Helin Gai}
}

@BOOK{companion,
  title = {The {\LaTeX} Companion},
  publisher = {Addison-Wesley Publishing Company},
  year = {1994},
  author = {Michel Goosens and Frank Mittelbach and Alexander Samarin},
  pages = {112--125},
  address = {Reading, MA}
}

@BOOK{lnotes,
  title = {{\LaTeX} Notes},
  year = {2008},
  author = {Alpha Huang}
}

@BOOK{tex,
  title = {The {\TeX} Book},
  publisher = {Addison-Wesley Publishing Company},
  year = {1989},
  author = {Donald E. Knuth},
  address = {Reading, MA},
  edition = {15}
}

@INPROCEEDINGS{proceeding,
  author = {Rauch, Andreas},
  title = {Characteristics of small-scale business owners: A meta-analysis on
	emergence and success},
  booktitle = FER,
  year = {2003},
  editor = {Bygrave, W. D. and Brush, C. G.},
  pages = {517--529},
  address = {Wellesley, Massachusetts},
  publisher = {Babson College}
}

@INCOLLECTION{collection,
  author = {Rauch, Andreas},
  title = {Characteristics of small-scale business owners: A meta-analysis on
	emergence and success},
  booktitle = FER,
  publisher = {Babson College},
  year = {2003},
  editor = {Bygrave, W. D. and Brush, C. G. and Lerner, M. and Davidsson, P.
	and Meyer, G. D. and Fiet, J. and Sohl, J. and Greene, P. G. and
	Zacharakis, A. and Harrison, R. T.},
  pages = {517--529},
  address = {Wellesley, Massachusetts}
}

@CONFERENCE{conference,
  author = {Selden, S. C.},
  title = {Testing a multi-dimensional model of organizational performance:
	Prospects and problems},
  booktitle = {Paper presented at the 7th National Public Management Research Conference},
  year = {2003},
  pages = {222--234},
  address = {Washington, DC.},
  publisher = {NPMRC},
  category = {#performance#}
}

@article{王晓玲2015我国现代服务业借力,
  title={我国现代服务业借力 “互联网+” 实现转型},
  author={王晓玲 and 孙悦},
  journal={现代电信科技},
  number={4},
  pages={1--4},
  year={2015}
}

@article{verborgh2018web,
  title={A Web API ecosystem through feature-based reuse},
  author={Verborgh, Ruben and Dumontier, Michel},
  journal={IEEE Internet Computing},
  volume={22},
  number={3},
  pages={29--37},
  year={2018},
  publisher={IEEE}
}

@inproceedings{zaveri2017smartapi,
  title={smartAPI: towards a more intelligent network of web APIs},
  author={Zaveri, Amrapali and Dastgheib, Shima and Wu, Chunlei and Whetzel, Trish and Verborgh, Ruben and Avillach, Paul and Korodi, Gabor and Terryn, Raymond and Jagodnik, Kathleen and Assis, Pedro and others},
  booktitle={European Semantic Web Conference},
  pages={154--169},
  year={2017},
  organization={Springer}
}

@article{cho2014learning,
  title={Learning phrase representations using RNN encoder-decoder for statistical machine translation},
  author={Cho, Kyunghyun and Van Merri{\"e}nboer, Bart and Gulcehre, Caglar and Bahdanau, Dzmitry and Bougares, Fethi and Schwenk, Holger and Bengio, Yoshua},
  journal={arXiv preprint arXiv:1406.1078},
  year={2014}
}

@article{tan2016service,
  title={From the service-oriented architecture to the web API economy},
  author={Tan, Wei and Fan, Yushun and Ghoneim, Ahmed and Hossain, M Anwar and Dustdar, Schahram},
  journal={IEEE Internet Computing},
  volume={20},
  number={4},
  pages={64--68},
  year={2016},
  publisher={IEEE}
}

@PHDTHESIS{doctor,
  author = {沙和尚},
  title = {论流沙河的综合治理},
  school = {流沙河大学},
  year = {2005},
  address = {北京},
  key = {shaheshang},
  language = {chinese}
}

@MASTERSTHESIS{master,
  author = {猪八戒 and 猪悟能 and 猪刚鬣 and 天蓬元帅},
  title = {论流体食物的持久保存},
  school = {广寒宫大学},
  year = {2005},
  address = {北京},
  key = {zhubajie},
  language = {chinese}
}

@inproceedings{gorla2014checking,
  title={Checking app behavior against app descriptions},
  author={Gorla, Alessandra and Tavecchia, Ilaria and Gross, Florian and Zeller, Andreas},
  booktitle={Proceedings of the 36th international conference on software engineering},
  pages={1025--1035},
  year={2014}
}

@inproceedings{viennot2014measurement,
  title={A measurement study of google play},
  author={Viennot, Nicolas and Garcia, Edward and Nieh, Jason},
  booktitle={The 2014 ACM international conference on Measurement and modeling of computer systems},
  pages={221--233},
  year={2014}
}

@inproceedings{petasis2000automatic,
  title={Automatic adaptation of Proper Noun Dictionaries through cooperation of machine learning and probabilistic methods},
  author={Petasis, Georgios and Cucchiarelli, Alessandro and Velardi, Paola and Paliouras, Georgios and Karkaletsis, Vangelis and Spyropoulos, Constantine D},
  booktitle={Proceedings of the 23rd annual international ACM SIGIR conference on Research and development in information retrieval},
  pages={128--135},
  year={2000}
}

@inproceedings{kim2000rule,
  title={A rule-based named entity recognition system for speech input},
  author={Kim, Ji-Hwan and Woodland, Philip C},
  booktitle={Sixth International Conference on Spoken Language Processing},
  year={2000}
}

@article{hanisch2005prominer,
  title={ProMiner: rule-based protein and gene entity recognition},
  author={Hanisch, Daniel and Fundel, Katrin and Mevissen, Heinz-Theodor and Zimmer, Ralf and Fluck, Juliane},
  journal={BMC bioinformatics},
  volume={6},
  number={1},
  pages={1--9},
  year={2005},
  publisher={BioMed Central}
}

@article{pomares2016named,
  title={Named entity recognition over electronic health records through a combined dictionary-based approach},
  author={Pomares Quimbaya, Alexandra and Sierra M{\'u}nera, Alejandro and Gonz{\'a}lez Rivera, Rafael Andr{\'e}s and Daza Rodr{\'\i}guez, Juli{\'a}n Camilo and Mu{\~n}oz Velandia, Oscar Mauricio and Garc{\'\i}a Pe{\~n}a, {\'A}ngel Alberto and Labb{\'e}, Cyril and others},
  year={2016}
}

@inproceedings{collins1999unsupervised,
  title={Unsupervised models for named entity classification},
  author={Collins, Michael and Singer, Yoram},
  booktitle={1999 Joint SIGDAT Conference on Empirical Methods in Natural Language Processing and Very Large Corpora},
  year={1999}
}

@article{etzioni2005unsupervised,
  title={Unsupervised named-entity extraction from the web: An experimental study},
  author={Etzioni, Oren and Cafarella, Michael and Downey, Doug and Popescu, Ana-Maria and Shaked, Tal and Soderland, Stephen and Weld, Daniel S and Yates, Alexander},
  journal={Artificial intelligence},
  volume={165},
  number={1},
  pages={91--134},
  year={2005},
  publisher={Elsevier}
}

@inproceedings{nadeau2006unsupervised,
  title={Unsupervised named-entity recognition: Generating gazetteers and resolving ambiguity},
  author={Nadeau, David and Turney, Peter D and Matwin, Stan},
  booktitle={Conference of the Canadian society for computational studies of intelligence},
  pages={266--277},
  year={2006},
  organization={Springer}
}

@article{zhang2013unsupervised,
  title={Unsupervised biomedical named entity recognition: Experiments with clinical and biological texts},
  author={Zhang, Shaodian and Elhadad, No{\'e}mie},
  journal={Journal of biomedical informatics},
  volume={46},
  number={6},
  pages={1088--1098},
  year={2013},
  publisher={Elsevier}
}

@article{bikel1998nymble,
  title={Nymble: a high-performance learning name-finder},
  author={Bikel, Daniel M and Miller, Scott and Schwartz, Richard and Weischedel, Ralph},
  journal={arXiv preprint cmp-lg/9803003},
  year={1998}
}

@article{bikel1999algorithm,
  title={An algorithm that learns what's in a name},
  author={Bikel, Daniel M and Schwartz, Richard and Weischedel, Ralph M},
  journal={Machine learning},
  volume={34},
  number={1-3},
  pages={211--231},
  year={1999},
  publisher={Springer}
}

@inproceedings{szarvas2006multilingual,
  title={A multilingual named entity recognition system using boosting and c4. 5 decision tree learning algorithms},
  author={Szarvas, Gy{\"o}rgy and Farkas, Rich{\'a}rd and Kocsor, Andr{\'a}s},
  booktitle={International Conference on Discovery Science},
  pages={267--278},
  year={2006},
  organization={Springer}
}

@inproceedings{mcnamee2002entity,
  title={Entity extraction without language-specific resources},
  author={McNamee, Paul and Mayfield, James},
  booktitle={COLING-02: The 6th Conference on Natural Language Learning 2002 (CoNLL-2002)},
  year={2002}
}

@article{mccallum2003early,
  title={Early results for named entity recognition with conditional random fields, feature induction and web-enhanced lexicons},
  author={McCallum, Andrew and Li, Wei},
  year={2003}
}

@inproceedings{krishnan2006effective,
  title={An effective two-stage model for exploiting non-local dependencies in named entity recognition},
  author={Krishnan, Vijay and Manning, Christopher D},
  booktitle={Proceedings of the 21st International Conference on Computational Linguistics and 44th Annual Meeting of the Association for Computational Linguistics},
  pages={1121--1128},
  year={2006}
}

@article{baevski2019cloze,
  title={Cloze-driven pretraining of self-attention networks},
  author={Baevski, Alexei and Edunov, Sergey and Liu, Yinhan and Zettlemoyer, Luke and Auli, Michael},
  journal={arXiv preprint arXiv:1903.07785},
  year={2019}
}

@article{li2019dice,
  title={Dice Loss for Data-imbalanced NLP Tasks},
  author={Li, Xiaoya and Sun, Xiaofei and Meng, Yuxian and Liang, Junjun and Wu, Fei and Li, Jiwei},
  journal={arXiv preprint arXiv:1911.02855},
  year={2019}
}

@article{guo2019star,
  title={Star-transformer},
  author={Guo, Qipeng and Qiu, Xipeng and Liu, Pengfei and Shao, Yunfan and Xue, Xiangyang and Zhang, Zheng},
  journal={arXiv preprint arXiv:1902.09113},
  year={2019}
}

@article{yan2019tener,
  title={Tener: Adapting transformer encoder for name entity recognition},
  author={Yan, Hang and Deng, Bocao and Li, Xiaonan and Qiu, Xipeng},
  journal={arXiv preprint arXiv:1911.04474},
  year={2019}
}

@article{zhang2018chinese,
  title={Chinese ner using lattice lstm},
  author={Zhang, Yue and Yang, Jie},
  journal={arXiv preprint arXiv:1805.02023},
  year={2018}
}

@article{pan2009survey,
  title={A survey on transfer learning},
  author={Pan, Sinno Jialin and Yang, Qiang},
  journal={IEEE Transactions on knowledge and data engineering},
  volume={22},
  number={10},
  pages={1345--1359},
  year={2009},
  publisher={IEEE}
}

@article{pan2013transfer,
  title={Transfer joint embedding for cross-domain named entity recognition},
  author={Pan, Sinno Jialin and Toh, Zhiqiang and Su, Jian},
  journal={ACM Transactions on Information Systems (TOIS)},
  volume={31},
  number={2},
  pages={1--27},
  year={2013},
  publisher={ACM New York, NY, USA}
}

@article{qu2016named,
  title={Named entity recognition for novel types by transfer learning},
  author={Qu, Lizhen and Ferraro, Gabriela and Zhou, Liyuan and Hou, Weiwei and Baldwin, Timothy},
  journal={arXiv preprint arXiv:1610.09914},
  year={2016}
}

@article{peng2016multi,
  title={Multi-task domain adaptation for sequence tagging},
  author={Peng, Nanyun and Dredze, Mark},
  journal={arXiv preprint arXiv:1608.02689},
  year={2016}
}

@article{yang2017transfer,
  title={Transfer learning for sequence tagging with hierarchical recurrent networks},
  author={Yang, Zhilin and Salakhutdinov, Ruslan and Cohen, William W},
  journal={arXiv preprint arXiv:1703.06345},
  year={2017}
}

@inproceedings{zhao2018improve,
  title={Improve neural entity recognition via multi-task data selection and constrained decoding},
  author={Zhao, Huasha and Yang, Yi and Zhang, Qiong and Si, Luo},
  booktitle={Proceedings of the 2018 Conference of the North American Chapter of the Association for Computational Linguistics: Human Language Technologies, Volume 2 (Short Papers)},
  pages={346--351},
  year={2018}
}

@article{devlin2018bert,
  title={Bert: Pre-training of deep bidirectional transformers for language understanding},
  author={Devlin, Jacob and Chang, Ming-Wei and Lee, Kenton and Toutanova, Kristina},
  journal={arXiv preprint arXiv:1810.04805},
  year={2018}
}

@article{nadeau2007survey,
  title={A survey of named entity recognition and classification},
  author={Nadeau, David and Sekine, Satoshi},
  journal={Lingvisticae Investigationes},
  volume={30},
  number={1},
  pages={3--26},
  year={2007},
  publisher={John Benjamins}
}

@article{li2020survey,
  title={A Survey on Text Classification: From Shallow to Deep Learning},
  author={Li, Qian and Peng, Hao and Li, Jianxin and Xia, Congyin and Yang, Renyu and Sun, Lichao and Yu, Philip S and He, Lifang},
  journal={arXiv preprint arXiv:2008.00364},
  year={2020}
}

@article{mikolov2013distributed,
  title={Distributed representations of words and phrases and their compositionality},
  author={Mikolov, Tomas and Sutskever, Ilya and Chen, Kai and Corrado, Greg S and Dean, Jeff},
  journal={Advances in neural information processing systems},
  volume={26},
  pages={3111--3119},
  year={2013}
}

@article{peters2018deep,
  title={Deep contextualized word representations},
  author={Peters, Matthew E and Neumann, Mark and Iyyer, Mohit and Gardner, Matt and Clark, Christopher and Lee, Kenton and Zettlemoyer, Luke},
  journal={arXiv preprint arXiv:1802.05365},
  year={2018}
}

@article{vaswani2017attention,
  title={Attention is all you need},
  author={Vaswani, Ashish and Shazeer, Noam and Parmar, Niki and Uszkoreit, Jakob and Jones, Llion and Gomez, Aidan N and Kaiser, {\L}ukasz and Polosukhin, Illia},
  journal={Advances in neural information processing systems},
  volume={30},
  pages={5998--6008},
  year={2017}
}

@misc{radford2018improving,
  title={Improving language understanding by generative pre-training},
  author={Radford, Alec and Narasimhan, Karthik and Salimans, Tim and Sutskever, Ilya},
  year={2018}
}

@article{brown2020language,
  title={Language models are few-shot learners},
  author={Brown, Tom B and Mann, Benjamin and Ryder, Nick and Subbiah, Melanie and Kaplan, Jared and Dhariwal, Prafulla and Neelakantan, Arvind and Shyam, Pranav and Sastry, Girish and Askell, Amanda and others},
  journal={arXiv preprint arXiv:2005.14165},
  year={2020}
}

@article{lepikhin2020gshard,
  title={Gshard: Scaling giant models with conditional computation and automatic sharding},
  author={Lepikhin, Dmitry and Lee, HyoukJoong and Xu, Yuanzhong and Chen, Dehao and Firat, Orhan and Huang, Yanping and Krikun, Maxim and Shazeer, Noam and Chen, Zhifeng},
  journal={arXiv preprint arXiv:2006.16668},
  year={2020}
}

@inproceedings{sundermeyer2012lstm,
  title={LSTM neural networks for language modeling},
  author={Sundermeyer, Martin and Schl{\"u}ter, Ralf and Ney, Hermann},
  booktitle={Thirteenth annual conference of the international speech communication association},
  year={2012}
}

@article{bahdanau2014neural,
  title={Neural machine translation by jointly learning to align and translate},
  author={Bahdanau, Dzmitry and Cho, Kyunghyun and Bengio, Yoshua},
  journal={arXiv preprint arXiv:1409.0473},
  year={2014}
}

@article{moro2014entity,
  title={Entity linking meets word sense disambiguation: a unified approach},
  author={Moro, Andrea and Raganato, Alessandro and Navigli, Roberto},
  journal={Transactions of the Association for Computational Linguistics},
  volume={2},
  pages={231--244},
  year={2014},
  publisher={MIT Press}
}

@inproceedings{chen2018short,
  title={Short text entity linking with fine-grained topics},
  author={Chen, Lihan and Liang, Jiaqing and Xie, Chenhao and Xiao, Yanghua},
  booktitle={Proceedings of the 27th ACM International Conference on Information and Knowledge Management},
  pages={457--466},
  year={2018}
}

@article{lecun1995convolutional,
  title={Convolutional networks for images, speech, and time series},
  author={LeCun, Yann and Bengio, Yoshua and others},
  journal={The handbook of brain theory and neural networks},
  volume={3361},
  number={10},
  pages={1995},
  year={1995}
}

@article{chen2017improving,
  title={Improving sentiment analysis via sentence type classification using BiLSTM-CRF and CNN},
  author={Chen, Tao and Xu, Ruifeng and He, Yulan and Wang, Xuan},
  journal={Expert Systems with Applications},
  volume={72},
  pages={221--230},
  year={2017},
  publisher={Elsevier}
}

@article{yin2018crossover,
  title={Crossover service: Deep convergence for pattern, ecosystem, environment, quality and value},
  author={Yin, Jianwei and Zheng, Bangpeng and Deng, Shuiguang and Wen, Yingying and Xi, Meng and Luo, Zhiling and Li, Ying},
  booktitle={2018 IEEE 38th International Conference on Distributed Computing Systems (ICDCS)},
  pages={1250--1257},
  year={2018},
  organization={IEEE}
}

@article{zheng2020service,
  title={A Service-oriented Network Infrastructure for Crossover Service Ecosystems},
  author={Zheng, Bangpeng and Yin, Jianwei and Deng, Shuiguang and Wu, Zhaohui and Dustdar, Schahram},
  journal={IEEE Internet Computing},
  volume={24},
  number={1},
  pages={48--58},
  year={2020},
  publisher={IEEE}
}

@article{goldberg2014word2vec,
  title={word2vec Explained: deriving Mikolov et al.'s negative-sampling word-embedding method},
  author={Goldberg, Yoav and Levy, Omer},
  journal={arXiv preprint arXiv:1402.3722},
  year={2014}
}

@article{zaremba2014recurrent,
  title={Recurrent neural network regularization},
  author={Zaremba, Wojciech and Sutskever, Ilya and Vinyals, Oriol},
  journal={arXiv preprint arXiv:1409.2329},
  year={2014}
}

@article{liu2016recurrent,
  title={Recurrent neural network for text classification with multi-task learning},
  author={Liu, Pengfei and Qiu, Xipeng and Huang, Xuanjing},
  journal={arXiv preprint arXiv:1605.05101},
  year={2016}
}

@article{hochreiter1997long,
  title={Long short-term memory},
  author={Hochreiter, Sepp and Schmidhuber, J{\"u}rgen},
  journal={Neural computation},
  volume={9},
  number={8},
  pages={1735--1780},
  year={1997},
  publisher={MIT Press}
}

@inproceedings{zhang2016highway,
  title={Highway long short-term memory rnns for distant speech recognition},
  author={Zhang, Yu and Chen, Guoguo and Yu, Dong and Yaco, Kaisheng and Khudanpur, Sanjeev and Glass, James},
  booktitle={2016 IEEE International Conference on Acoustics, Speech and Signal Processing (ICASSP)},
  pages={5755--5759},
  year={2016},
  organization={IEEE}
}

@article{marcelino2018transfer,
  title={Transfer learning from pre-trained models},
  author={Marcelino, Pedro},
  journal={Towards Data Science},
  year={2018}
}

@article{唐任伍2012公共服务跨界合作,
  title={公共服务跨界合作: 碎片化服务的整合},
  author={唐任伍 and 赵国钦},
  journal={中国行政管理},
  volume={8},
  pages={17--21},
  year={2012}
}

@mastersthesis{刘皇敏2019跨界服务网络关键技术研究,
  title={跨界服务网络关键技术研究},
  author={刘皇敏},
  year={2019},
  school={浙江大学}
}

@mastersthesis{zhanghuan,
  title={跨界服务网络模型、路由与缓存技术研究},
  author={张欢},
  year={2020},
  school={浙江大学}
}

@inproceedings{shi2019c,
  title={A C-LSTM with word embedding model for news text classification},
  author={Shi, Minyong and Wang, Kaixiang and Li, Chunfang},
  booktitle={2019 IEEE/ACIS 18th International Conference on Computer and Information Science (ICIS)},
  pages={253--257},
  year={2019},
  organization={IEEE}
}

@inproceedings{xiao2018transformable,
  title={Transformable Convolutional Neural Network for Text Classification.},
  author={Xiao, Liqiang and Zhang, Honglun and Chen, Wenqing and Wang, Yongkun and Jin, Yaohui},
  booktitle={IJCAI},
  pages={4496--4502},
  year={2018}
}

@article{li2018biomedical,
  title={Biomedical named entity recognition with CNN-BLSTM-CRF},
  author={Li, Lishuang and Guo, Yuankai},
  journal={Journal of chinese information processing},
  volume={32},
  number={1},
  pages={116--122},
  year={2018}
}

@inproceedings{goo2018slot,
  title={Slot-gated modeling for joint slot filling and intent prediction},
  author={Goo, Chih-Wen and Gao, Guang and Hsu, Yun-Kai and Huo, Chih-Li and Chen, Tsung-Chieh and Hsu, Keng-Wei and Chen, Yun-Nung},
  booktitle={Proceedings of the 2018 Conference of the North American Chapter of the Association for Computational Linguistics: Human Language Technologies, Volume 2 (Short Papers)},
  pages={753--757},
  year={2018}
}

@article{qin2020co,
  title={A Co-Interactive Transformer for Joint Slot Filling and Intent Detection},
  author={Qin, Libo and Liu, Tailu and Che, Wanxiang and Kang, Bingbing and Zhao, Sendong and Liu, Ting},
  journal={arXiv preprint arXiv:2010.03880},
  year={2020}
}

@article{chen2019bert,
  title={Bert for joint intent classification and slot filling},
  author={Chen, Qian and Zhuo, Zhu and Wang, Wen},
  journal={arXiv preprint arXiv:1902.10909},
  year={2019}
}

@inproceedings{chen2019deep,
  title={Deep short text classification with knowledge powered attention},
  author={Chen, Jindong and Hu, Yizhou and Liu, Jingping and Xiao, Yanghua and Jiang, Haiyun},
  booktitle={Proceedings of the AAAI Conference on Artificial Intelligence},
  volume={33},
  number={01},
  pages={6252--6259},
  year={2019}
}

